
LArIAT lariat white paper
@article{lariatWhitePaper,
      author  = "{LArIAT Collaboration}",
      title          = "LArIAT: Liquid Argon In A Testbeam",
      year           = "2014",
      eprint         = "1406.5560",
      archivePrefix  = "arXiv",
      primaryClass   = "physics.ins-det",
}

ArgoNeuT NIM paper
@article{argoneutNIM,
      author  = "{ArgoNeuT Collaboration}",
      title          = "The ArgoNeuT Detector in the NuMI Low-Energy Beam Line at Fermilab",
      year           = "2014",
      eprint         = "1205.6747",
      archivePrefix  = "arXiv",
      primaryClass   = "physics.ins-det",
}

@article{geanie,
      title          = "GEANIE",
}

@article{lads98,
      author         = "{LADS Collaboration}",
      title          = "Multinucleon pion absorption cross sections on N, Ar and Xe in the dleta resonance region",
      journal        = "Act. Phys. Pol. B",
      volume         = "29",
      pages          = "3065",
      year           = "1998",
}

@article{lads00,
      author         = "{LADS Collaboration}",
      title          = "Pion absorption reactions on N, Ar and Xe",
      journal        = "Eur. Phys. J. A",
      volume         = "9",
      pages          = "537",
      year           = "2000",
}


@article{blieden75,
      author  = "Blieden, H. R. et. al.",
      title          = "Measurement of small-angle elastic scattering of pions and protons by nuclei",
      journal        = "Phys. Rev. D",
      volume         = "11",
      pages          = "14",
      year           = "1975",
}

@article{harp09,
      author  = "{HARP Collaboration}",
      title          = "Forward production of charged pions with incident $\pi^\pm$ on nuclear targets measured at the CERN PS",
      year           = "2009",
      eprint         = "0902.2105",
      archivePrefix  = "arXiv",
      primaryClass   = "hep-ex",
}

PDG
@article{pdg,
      author  = "{Particle Data Group}",
      title          = "Review of Particle Physics",
      journal        = "Phys. Rev. D",
      volume         = "86",
      pages          = "010001",
      doi            = "10.1103/PhysRevD.86.010001",
      year           = "2012",
      SLACcitation   = "%%CITATION = PHRVA,D86,010001;%%",
      url            = "http://pdg.lbl.gov/",
}

@MISC{python,
title = {Python},
note = {http://www.python.org}
}

@MISC{numpy,
title = {NumPy},
note = {http://numpy.scipy.org/}
}

@MISC{matplotlib,
title = {matplotlib},
note = {http://matplotlib.sourceforge.net/}
}

pythia pythia6 cite for pythia8 physics
@article{Sjostrand:2006za,
      author         = "Sjostrand, Torbjorn and Mrenna, Stephen and Skands, Peter
                        Z.",
      title          = "{PYTHIA} 6.4 Physics and Manual",
      journal        = "JHEP",
      volume         = "0605",
      pages          = "026",
      doi            = "10.1088/1126-6708/2006/05/026",
      year           = "2006",
      eprint         = "hep-ph/0603175",
      archivePrefix  = "arXiv",
      primaryClass   = "hep-ph",
}

pythia8
@article{Sjostrand:2007gs,
      author         = "Sjostrand, Torbjorn and Mrenna, Stephen and Skands, Peter
                        Z.",
      title          = "{A Brief Introduction to PYTHIA 8.1}",
      journal        = "Comput. Phys. Commun.",
      volume         = "178",
      pages          = "852-867",
      doi            = "10.1016/j.cpc.2008.01.036",
      year           = "2008",
      eprint         = "0710.3820",
      archivePrefix  = "arXiv",
      primaryClass   = "hep-ph",
}

geant geant4 GEANT GEANT4
@article{Agostinelli:2002hh,
      author         = "Agostinelli, S. and others",
      title          = "{GEANT4: A} Simulation toolkit",
      collaboration  = "GEANT4 Collaboration",
      journal        = "Nucl. Instrum. Meth. A",
      volume         = "506",
      pages          = "250-303",
      doi            = "10.1016/S0168-9002(03)01368-8",
      year           = "2003",
}

hepmc HepMC Hepmc
@article{Dobbs:2001ck,
      author         = "Dobbs, Matt and Hansen, Jorgen Beck",
      title          = "{The HepMC C++ Monte Carlo event record for High Energy
                        Physics}",
      journal        = "Comput. Phys. Commun.",
      volume         = "134",
      pages          = "41-46",
      doi            = "10.1016/S0010-4655(00)00189-2",
      year           = "2001",
}

TMVA
@article{TMVA,
      author         = "Hocker, Andreas and Stelzer, J. and Tegenfeldt, F. and
                        Voss, H. and Voss, K. and others",
      title          = "{TMVA - Toolkit for Multivariate Data Analysis}",
      journal        = "PoS",
      volume         = "ACAT",
      pages          = "040",
      year           = "2007",
      eprint         = "physics/0703039",
      archivePrefix  = "arXiv",
      primaryClass   = "PHYSICS",
      report   = "CERN-OPEN-2007-007",
      SLACcitation   = "%%CITATION = PHYSICS/0703039;%%",
}
